@inproceedings{lim2005singular,
	title={Singular values and eigenvalues of tensors: a variational approach},
	author={Lim, Lek-Heng},
	booktitle={Computational Advances in Multi-Sensor Adaptive Processing, 2005 1st IEEE International Workshop on},
	pages={129--132},
	year={2005},
	organization={IEEE}
}
@article{ding2015generalized,
	title={Generalized tensor eigenvalue problems},
	author={Ding, Weiyang and Wei, Yimin},
	journal={SIAM Journal on Matrix Analysis and Applications},
	volume={36},
	number={3},
	pages={1073--1099},
	year={2015},
	publisher={SIAM}
}
@book{lawden1982introduction,
	title={Introduction to tensor calculus, relativity and cosmology},
	author={Lawden, Derek F},
	year={1982},
	publisher={Courier Corporation}
}
@book{bourbaki1989algebra,
	title={Algebra: Elements of Mathematics},
	author={Bourbaki, Nicolas},
	year={1989},
	publisher={Springer-Verlag}
}